# citations.bib

@article{wormington2017,
  title={A new look at multiple goal pursuit: The promise of a person-centered approach},
  author={Wormington, Stephanie Virgine and Linnenbrink-Garcia, Lisa},
  journal={Educational Psychology Review},
  volume={29},
  number={3},
  pages={407--445},
  year={2017},
  publisher={Springer}
}

@article{makowski2019,
  title={Indices of effect existence and significance in the Bayesian framework},
  author={Makowski, Dominique and Ben-Shachar, Mattan S and Chen, SH and L{\"u}decke, Daniel},
  journal={Frontiers in Psychology},
  volume={10},
  pages={2767},
  year={2019},
  publisher={Frontiers}
}

@article{burkner2017,
  title={brms: An R package for Bayesian multilevel models using Stan},
  author={B{\"u}rkner, Paul-Christian and others},
  journal={Journal of Statistical Software},
  volume={80},
  number={1},
  pages={1--28},
  year={2017},
  publisher={Foundation for Open Access Statistics}
}