@Manual{R-base,
  title = {R: A Language and Environment for Statistical Computing},
  author = {{R Core Team}},
  organization = {R Foundation for Statistical Computing},
  address = {Vienna, Austria},
  year = {2019},
  url = {https://www.R-project.org/},
}
@Manual{R-dplyr,
  title = {dplyr: A Grammar of Data Manipulation},
  author = {Hadley Wickham and Romain François and Lionel Henry and Kirill Müller},
  year = {2019},
  note = {R package version 0.8.3},
  url = {https://CRAN.R-project.org/package=dplyr},
}
@Manual{R-papaja,
  author = {Frederik Aust and Marius Barth},
  title = {{papaja}: {Create} {APA} manuscripts with {R Markdown}},
  year = {2018},
  note = {R package version 0.1.0.9842},
  url = {https://github.com/crsh/papaja},
}
@Article{R-tidyLPA,
  title = {tidyLPA: An R Package to Easily Carry Out Latent Profile Analysis (LPA) Using Open-Source or Commercial Software},
  author = {Joshua M. Rosenberg and Patrick N. Beymer and Daniel J. Anderson and Caspar van Lissa and Jennifer A. Schmidt},
  journal = {Journal of Open Source Software},
  year = {2018},
  volume = {3},
  number = {30},
  pages = {978},
  url = {http://joss.theoj.org/papers/10.21105/joss.00978},
  doi = {10.21105/joss.00978},
}
@Manual{R-forcats,
  title = {forcats: Tools for Working with Categorical Variables (Factors)},
  author = {Hadley Wickham},
  year = {2019},
  note = {R package version 0.4.0},
  url = {https://CRAN.R-project.org/package=forcats},
}
@Book{R-ggplot2,
  author = {Hadley Wickham},
  title = {ggplot2: Elegant Graphics for Data Analysis},
  publisher = {Springer-Verlag New York},
  year = {2016},
  isbn = {978-3-319-24277-4},
  url = {https://ggplot2.tidyverse.org},
}
@Manual{R-purrr,
  title = {purrr: Functional Programming Tools},
  author = {Lionel Henry and Hadley Wickham},
  year = {2019},
  note = {R package version 0.3.3},
  url = {https://CRAN.R-project.org/package=purrr},
}
@Manual{R-readr,
  title = {readr: Read Rectangular Text Data},
  author = {Hadley Wickham and Jim Hester and Romain Francois},
  year = {2018},
  note = {R package version 1.3.1},
  url = {https://CRAN.R-project.org/package=readr},
}
@Manual{R-simstudy,
  title = {simstudy: Simulation of Study Data},
  author = {Keith Goldfeld},
  year = {2020},
  note = {R package version 0.1.16},
}
@Manual{R-stringr,
  title = {stringr: Simple, Consistent Wrappers for Common String Operations},
  author = {Hadley Wickham},
  year = {2019},
  note = {R package version 1.4.0},
  url = {https://CRAN.R-project.org/package=stringr},
}
@Manual{R-tibble,
  title = {tibble: Simple Data Frames},
  author = {Kirill Müller and Hadley Wickham},
  year = {2019},
  note = {R package version 2.1.3},
  url = {https://CRAN.R-project.org/package=tibble},
}
@Manual{R-tidyr,
  title = {tidyr: Tidy Messy Data},
  author = {Hadley Wickham and Lionel Henry},
  year = {2019},
  note = {https://tidyr.tidyverse.org, https://github.com/tidyverse/tidyr},
}
@Article{R-tidyverse,
  title = {Welcome to the {tidyverse}},
  author = {Hadley Wickham and Mara Averick and Jennifer Bryan and Winston Chang and Lucy D'Agostino McGowan and Romain François and Garrett Grolemund and Alex Hayes and Lionel Henry and Jim Hester and Max Kuhn and Thomas Lin Pedersen and Evan Miller and Stephan Milton Bache and Kirill Müller and Jeroen Ooms and David Robinson and Dana Paige Seidel and Vitalie Spinu and Kohske Takahashi and Davis Vaughan and Claus Wilke and Kara Woo and Hiroaki Yutani},
  year = {2019},
  journal = {Journal of Open Source Software},
  volume = {4},
  number = {43},
  pages = {1686},
  doi = {10.21105/joss.01686},
}

# citations.bib

@article{wormington2017,
  title={A new look at multiple goal pursuit: The promise of a person-centered approach},
  author={Wormington, Stephanie Virgine and Linnenbrink-Garcia, Lisa},
  journal={Educational Psychology Review},
  volume={29},
  number={3},
  pages={407--445},
  year={2017},
  publisher={Springer}
}

@article{makowski2019,
  title={Indices of effect existence and significance in the Bayesian framework},
  author={Makowski, Dominique and Ben-Shachar, Mattan S and Chen, SH and L{\"u}decke, Daniel},
  journal={Frontiers in Psychology},
  volume={10},
  pages={2767},
  year={2019},
  publisher={Frontiers}
}

@article{burkner2017,
  title={brms: An R package for Bayesian multilevel models using Stan},
  author={B{\"u}rkner, Paul-Christian and others},
  journal={Journal of Statistical Software},
  volume={80},
  number={1},
  pages={1--28},
  year={2017},
  publisher={Foundation for Open Access Statistics}
}

@article{van2017grolts,
  title={The GRoLTS-checklist: guidelines for reporting on latent trajectory studies},
  author={Van De Schoot, Rens and Sijbrandij, Marit and Winter, Sonja D and Depaoli, Sarah and Vermunt, Jeroen K},
  journal={Structural Equation Modeling: A Multidisciplinary Journal},
  volume={24},
  number={3},
  pages={451--467},
  year={2017},
  publisher={Taylor \& Francis}
}

@book{allison2001missing,
  title={Missing data},
  author={Allison, Paul D},
  volume={136},
  year={2001},
  publisher={Sage publications}
}

@book{little2019statistical,
  title={Statistical analysis with missing data},
  author={Little, Roderick JA and Rubin, Donald B},
  volume={793},
  year={2019},
  publisher={John Wiley \& Sons}
}

@book{enders2010applied,
  title={Applied missing data analysis},
  author={Enders, Craig K},
  year={2010},
  publisher={Guilford press}
}

@article{akogul2017approach,
  title={An approach for determining the number of clusters in a model-based cluster analysis},
  author={Akogul, Serkan and Erisoglu, Murat},
  journal={Entropy},
  volume={19},
  number={9},
  pages={452},
  year={2017},
  publisher={Multidisciplinary Digital Publishing Institute}
}